<record><leader>00000cas a22000007a 4500</leader><controlfield tag="001">13302964</controlfield><controlfield tag="008">860317d19081924iduwr ne      0    0eng d</controlfield><datafield ind1=" " ind2=" " tag="010"><subfield code="a">sn 86091216 </subfield></datafield><datafield ind1=" " ind2=" " tag="040"><subfield code="a">UNP</subfield><subfield code="b">eng</subfield><subfield code="c">UNP</subfield><subfield code="d">NVB</subfield><subfield code="d">OCLCQ</subfield><subfield code="d">OCLCF</subfield><subfield code="d">OCLCO</subfield></datafield><datafield ind1="1" ind2=" " tag="029"><subfield code="a">AU@</subfield><subfield code="b">000025797568</subfield></datafield><datafield ind1=" " ind2=" " tag="042"><subfield code="a">msc</subfield></datafield><datafield ind1=" " ind2=" " tag="043"><subfield code="a">n-us-id</subfield></datafield><datafield ind1=" " ind2="4" tag="050"><subfield code="a">AN2.I2</subfield><subfield code="b">R86</subfield></datafield><datafield ind1="0" ind2="0" tag="245"><subfield code="a">Rupert pioneer-record.</subfield></datafield><datafield ind1=" " ind2=" " tag="260"><subfield code="a">Rupert, Idaho :</subfield><subfield code="b">Rupert Print. Co.,</subfield><subfield code="c">1908-</subfield></datafield><datafield ind1=" " ind2=" " tag="300"><subfield code="a">v. :</subfield><subfield code="b">ill.</subfield></datafield><datafield ind1=" " ind2=" " tag="310"><subfield code="a">Weekly</subfield></datafield><datafield ind1="0" ind2=" " tag="362"><subfield code="a">Vol. 3, no. 30 (Mar. 19, 1908)-</subfield></datafield><datafield ind1="1" ind2=" " tag="362"><subfield code="a">Ceased in 1924.</subfield></datafield><datafield ind1=" " ind2="0" tag="651"><subfield code="a">Rupert (Idaho)</subfield><subfield code="v">Newspapers.</subfield></datafield><datafield ind1=" " ind2="7" tag="655"><subfield code="a">Newspapers.</subfield><subfield code="2">fast</subfield><subfield code="0">(OCoLC)fst01423814</subfield></datafield><datafield ind1=" " ind2="7" tag="651"><subfield code="a">Idaho</subfield><subfield code="z">Rupert.</subfield><subfield code="2">fast</subfield><subfield code="0">(OCoLC)fst01230981</subfield></datafield><datafield ind1=" " ind2=" " tag="752"><subfield code="a">United States</subfield><subfield code="b">Idaho</subfield><subfield code="c">Minidoka</subfield><subfield code="d">Rupert.</subfield></datafield><datafield ind1="0" ind2="4" tag="780"><subfield code="t">Rupert pioneer</subfield><subfield code="w">(DLC)sn 86091215</subfield><subfield code="w">(OCoLC)13302906</subfield></datafield><datafield ind1="0" ind2="4" tag="780"><subfield code="t">Rupert record</subfield><subfield code="w">(DLC)sn 86091214</subfield><subfield code="w">(OCoLC)13302874</subfield></datafield><datafield ind1="0" ind2="4" tag="785"><subfield code="t">Minidoka County news</subfield><subfield code="w">(DLC)sn 82014690</subfield><subfield code="w">(OCoLC)8807568</subfield></datafield></record>